<?xml version="1.0" encoding="UTF-8"?>
<record xmlns="http://www.loc.gov/MARC21/slim" xmlns:xsi="http://www.w3.org/2001/XMLSchema-instance" xsi:schemaLocation="http://www.loc.gov/MARC21/slim http://www.loc.gov/standards/marcxml/schema/MARC21slim.xsd">
<leader>     nam a2200373 a 4500</leader>
<controlfield tag="001">002202188</controlfield>
<controlfield tag="003">NNU</controlfield>
<controlfield tag="005">20061010172447.0</controlfield>
<controlfield tag="008">941028s1952    ua            000 0 arax</controlfield>
<datafield tag="010" ind1=" " ind2=" ">
<subfield code="a">73235835</subfield>
</datafield>
<datafield tag="020" ind1=" " ind2=" ">
<subfield code="c">£E0.40</subfield>
</datafield>
<datafield tag="035" ind1="9" ind2=" ">
<subfield code="a">NYUb11242399</subfield>
</datafield>
<datafield tag="035" ind1=" " ind2=" ">
<subfield code="a">(CStRLIN)NYUG94-B48446</subfield>
</datafield>
<datafield tag="040" ind1=" " ind2=" ">
<subfield code="c">NN</subfield>
<subfield code="d">NN</subfield>
<subfield code="d">NNU</subfield>
</datafield>
<datafield tag="041" ind1="0" ind2=" ">
<subfield code="a">ara</subfield>
<subfield code="b">fre</subfield>
</datafield>
<datafield tag="050" ind1="0" ind2=" ">
<subfield code="a">B751</subfield>
<subfield code="b">.Z7M86</subfield>
</datafield>
<datafield tag="066" ind1=" " ind2=" ">
<subfield code="c">(3</subfield>
</datafield>
<datafield tag="090" ind1=" " ind2=" ">
<subfield code="a">B751</subfield>
<subfield code="b">.Z7M86</subfield>
</datafield>
<datafield tag="100" ind1="1" ind2=" ">
<subfield code="6">880-01</subfield>
<subfield code="a">Mūsá, Muḥammad Yūsuf.</subfield>
</datafield>
<datafield tag="245" ind1="1" ind2="3">
<subfield code="6">880-02</subfield>
<subfield code="a">al-Nāḥiyah al-ijtīmāʻīyah wa-al-siyāsīyah fī falsafat Ibn Sīnā /</subfield>
<subfield code="c">Muḥammad Yūsuf Mūsá.</subfield>
</datafield>
<datafield tag="260" ind1=" " ind2=" ">
<subfield code="6">880-03</subfield>
<subfield code="a">al-Qāhirah :</subfield>
<subfield code="b">al-Maʻhad al-ʻIlmī al-Faransī lil-Āthār al-Sharqīyah,</subfield>
<subfield code="c">1952.</subfield>
</datafield>
<datafield tag="300" ind1=" " ind2=" ">
<subfield code="a">42, 9 p. ;</subfield>
<subfield code="c">25 cm.</subfield>
</datafield>
<datafield tag="490" ind1="1" ind2=" ">
<subfield code="6">880-04</subfield>
<subfield code="a">Dhikrá Ibn Sīnā ;</subfield>
<subfield code="v">1</subfield>
</datafield>
<datafield tag="500" ind1=" " ind2=" ">
<subfield code="a">In Arabic ; summary in French.</subfield>
</datafield>
<datafield tag="504" ind1=" " ind2=" ">
<subfield code="a">Added t.p. La sociologie et la politique dans la philosophie d'Avicenne [par] Moḥammad Yūsuf Mūsā.</subfield>
</datafield>
<datafield tag="600" ind1="0" ind2="0">
<subfield code="a">Avicenna,</subfield>
<subfield code="d">980-1037.</subfield>
</datafield>
<datafield tag="740" ind1="0" ind2=" ">
<subfield code="a">Sociologie et la politique dans la philosophie d'Avicenne.</subfield>
</datafield>
<datafield tag="880" ind1="0" ind2=" ">
<subfield code="6">100-01/</subfield>
<subfield code="a">محمد يوسف موسى.</subfield>
</datafield>
<datafield tag="880" ind1="1" ind2="2">
<subfield code="6">245-02/</subfield>
<subfield code="a">الناحية الاجتماعية والسياسية فى فلسفة ابن سينا /</subfield>
<subfield code="c">محمد يوسف موسى.</subfield>
</datafield>
<datafield tag="880" ind1=" " ind2=" ">
<subfield code="6">260-03/</subfield>
<subfield code="a">القاهرة ؛</subfield>
<subfield code="b">المعهد العلمى الفرنسى للآثار الشرقية،</subfield>
<subfield code="c">١٩٥٢.</subfield>
</datafield>
<datafield tag="880" ind1="1" ind2=" ">
<subfield code="6">490-04/</subfield>
<subfield code="a">ذكرى ابن سينا ؛</subfield>
<subfield code="v">١</subfield>
</datafield>
<datafield tag="830" ind1=" " ind2="0">
<subfield code="6">880-05</subfield>
<subfield code="a">Dhikrá Ibn Sīnā ;</subfield>
<subfield code="v">1.</subfield>
</datafield>
<datafield tag="880" ind1=" " ind2="0">
<subfield code="6">830-05/</subfield>
<subfield code="a">ذكرى ابن سينا ؛</subfield>
<subfield code="v">١</subfield>
</datafield>
<datafield tag="OWN" ind1=" " ind2=" ">
<subfield code="a">GENERAL</subfield>
</datafield>
<datafield tag="903" ind1=" " ind2=" ">
<subfield code="a">OLD</subfield>
</datafield>
<datafield tag="998" ind1=" " ind2=" ">
<subfield code="a">19941028</subfield>
<subfield code="d">19941028</subfield>
<subfield code="d">20020307</subfield>
<subfield code="n">NNU</subfield>
<subfield code="s">1</subfield>
<subfield code="t">c</subfield>
<subfield code="z">e</subfield>
</datafield>
<datafield tag="AVA" ind1=" " ind2=" ">
<subfield code="a">NYU50</subfield>
<subfield code="b">BOBST</subfield>
<subfield code="c">Main Collection</subfield>
<subfield code="d">B751.Z7 M86</subfield>
<subfield code="e">unavailable</subfield>
<subfield code="t">Unavailable</subfield>
<subfield code="f">1</subfield>
<subfield code="g">1</subfield>
<subfield code="h">N</subfield>
<subfield code="i">0</subfield>
<subfield code="j">MAIN</subfield>
<subfield code="k">0</subfield>
</datafield>
</record>
